@ieeetranbstctl{IEEEexample:BSTcontrol,
  ctluse_forced_etal       = {yes},
  ctlmax_names_forced_etal = {3},
  ctlnames_show_etal       = {2}
}
@book{InfH,
  address   = {M\"{u}nchen -- Wien},
  author    = {Rechenberg, Peter and Pomberger, Gustav and Blaschek, G\"{u}nther and Bode, Arndt and Bohn, Wilhelm Friedrich and Borrmann, Lothar and Buchberger, Bruno},
  edition   = {4th},
  publisher = {Hanser Verlag},
  title     = {{Informatik Handbuch}},
  year      = {2006}
}
@misc{APCW2006,
  note   = {letzter Zugriff am 23.05.2021},
  author = {{Association for Progressive Communications}},
  title  = {{Wireless technology is irreplaceable for providing access in remote and scarcely populated regions}},
  url    = {http://www.apc.org/en/news/strategic/world/wireless-technology-irreplaceable-providing-access},
  year   = {2006}
}
@misc{VS2022,
  title = {{Visual Studio}},
  url   = {https://de.wikipedia.org/wiki/Visual_Studio#Version_2022}
}
@misc{VS2022logo,
  title = {{Visual Studio Logo}},
  url   = {https://logos.fandom.com/wiki/Microsoft_Visual_Studio}
}
@misc{XML,
  title = {{Xamarin}},
  url   = {https://docs.microsoft.com/en-us/xamarin/get-started/what-is-xamarin}
}
@misc{XMLlogo,
  title = {{Xamarin Logo}},
  url   = {https://de.wikipedia.org/wiki/Datei:Xamarin_logo_and_wordmark.png#/media/Datei:Xamarin_logo_and_wordmark.png}
}
@misc{GitHub,
  title = {{GitHub}},
  url   = {https://de.wikipedia.org/wiki/GitHub}
}
@misc{GitHublogo,
  title = {{GitHub Logo}},
  url   = {https://github.com/logos}
}
@misc{IOsEmulatorOnWin,
  title = {{iOs Emulator on Windows}},
  url   = {https://docs.microsoft.com/en-us/xamarin/tools/ios-simulator/}
}
@misc{IOsEmulatorOnMac,
  title = {{iOs Emulator on Windows}},
  url   = {https://docs.microsoft.com/de-de/visualstudio/mac/xamarin?view=vsmac-2022}
}
@misc{VsCodeDoc,
  howpublished = {VS Code Official Documentation},
  title        = {Why did we build Visual Studio Code?},
  url          = {https://code.visualstudio.com/docs/editor/whyvscode}
}
@misc{VsCodeWiki,
  howpublished = {Wikipedia},
  title        = {Visual Studio Code},
  url          = {https://en.wikipedia.org/wiki/Visual_Studio_Code}
}
@misc{VsCodeWU,
  author       = {Lars},
  howpublished = {Windows United Article},
  title        = {Microsoft Visual Studio Code: Wir erklären die geniale Entwicklerumgebung},
  year         = {2018},
  month        = {Dezember},
  url          = {https://windowsunited.de/microsoft-visual-studio-code-wir-erklaeren-die-geniale-entwicklerumgebung/}
}
@misc{ThunderClientRangav,
  author       = {Ranga Vadhineni},
  howpublished = {Medium Blog},
  title        = {Thunder Client — lightweight alternative to Postman},
  month        = {März},
  year         = {2021}
}
@misc{ErdEditor,
  author       = {SeungHwan Lee},
  howpublished = {Github},
  title        = {ERD Editor Extension},
  url          = {https://github.com/vuerd/vuerd#readme}
}
@book{CSharp8Rheinwerk,
  author    = {Andreas Kühnel},
  editor    = {Anne Scheibe},
  publisher = {Rheinwerk Verlag},
  title     = {C\# 8 mit Visual Studio 2019, Das umfassende Handbuch, 8. Auflage},
  year      = {2019}
}
@misc{DotNet6Documentation,
  howpublished = {Microsoft .NET Documentation},
  title        = {.NET documentation},
  url          = {https://docs.microsoft.com/en-us/dotnet/fundamentals/}
}
@misc{DotNet6Wikipedia,
  howpublished = {Wikipedia},
  title        = {.NET},
  url          = {https://en.wikipedia.org/wiki/.NET}
}
@misc{ASPNETCoreDocumentation,
  howpublished = {Microsoft ASP.NET documentation},
  title        = {ASP.NET documentation},
  url          = {https://docs.microsoft.com/en-us/aspnet/core/?view=aspnetcore-6.0}
}
@misc{RazorPagesITVision,
  author       = {Dr. Holger Schwichtenberg},
  howpublished = {IT Visions de},
  title        = {Was ist ASP.NET Core Razor Pages?},
  url          = {https://www.dotnetframework.de/%7B8B3FCCE5-01A5-42A6-9781-3032AB9CAA6F%7D.aspx}
}
@misc{ASPNETCoreWikipedia,
  howpublished = {Wikipedia},
  title        = {ASP.NET Core},
  url          = {https://en.wikipedia.org/wiki/ASP.NET_Core}
}
@misc{ASPIdentityDoc,
  howpublished = {Microsoft ASP.NET Documentation },
  title        = {Introduction to Identity on ASP.NET Core},
  url          = {https://docs.microsoft.com/en-us/aspnet/core/security/authentication/identity?view=aspnetcore-6.0&tabs=visual-studio}
}
@misc{ASPIdentityDocOld,
  howpublished = {Microsoft Documentation},
  title        = {Introduction to Identity},
  url          = {https://jakeydocs.readthedocs.io/en/latest/security/authentication/identity.html},
  year         = {2016}
}
@misc{EFCoreDocumentation,
  howpublished = {Microsoft EF Documentation},
  title        = {Entity Framework Core},
  url          = {https://docs.microsoft.com/en-us/ef/core/}
}
@misc{EFCoreWikipedia,
  howpublished = {Wikipedia},
  title        = {Entity Framework},
  url          = {https://en.wikipedia.org/wiki/Entity_Framework}
}
@misc{OpenAPISwaggerOfficial,
  howpublished = {Official OpenAPI Swagger Documentation},
  title        = {What Is OpenAPI?},
  url          = {https://swagger.io/docs/specification/about/}
}
@misc{OpenAPISwaggerWikipedia,
  howpublished = {Wikipedia},
  title        = {OpenAPI},
  url          = {https://de.wikipedia.org/wiki/OpenAPI}
}
@misc{OpenAPISwaggerIONOS,
  howpublished = {Digital Guide IONOS Artikel},
  title        = {Was ist OpenAPI?},
  year         = {2022},
  month        = {Juni},
  url          = {https://www.ionos.at/digitalguide/websites/web-entwicklung/was-ist-openapi/}
}

%\ Quellen Medien, Bilder, Logos, usw.
@misc{VsCodeLogo,
  author       = {Microsoft},
  howpublished = {via Wikimedia Commons - Public domain},
  title        = {VS Code Logo},
  url          = {https://commons.wikimedia.org/wiki/File:Visual_Studio_Code_1.35_icon.svg},
  month        = {Juni},
  year         = {2021}
}
@misc{AdoNetArchitecturePic,
  author       = {MovGP0},
  howpublished = {via Wikimedia Commons - CC BY-SA 3.0},
  title        = {ADO.NET Entity Framework},
  url          = {https://commons.wikimedia.org/wiki/File:ADO.NET_EF.svg},
  year         = {2012},
  month        = {November}
}
@misc{VSCodeScreenshotPic,
  author       = {Serogen},
  howpublished = {via Wikimedia Commons - MIT},
  title        = {VS Code 1.36.0-insider},
  year         = {2019},
  month        = {Juni},
  url          = {https://commons.wikimedia.org/wiki/File:VS_Code_1.36.0-insider.png}
}
@misc{DotNetBot,
  author       = {Kaitlin Wilkinson},
  howpublished = {via Wikimedia Commons - CC0 - .NET Foundation},
  title        = {DotNet-Bot},
  year         = {2020},
  month        = {Mai},
  url          = {https://commons.wikimedia.org/wiki/File:Dotnet-bot.svg}
}
@misc{OpenAPIBusinessChart,
  author       = {Camwilliams96},
  howpublished = {via Wikimedia Commons - CC BY-SA 4.0},
  title        = {Open API Chart},
  year         = {2015},
  month        = {November},
  url          = {https://commons.wikimedia.org/wiki/File:Open-APIs-v5.png}
}